@article{jiang,
    author = "Xu Jiang and Baolei Mao and Jun Guan and Xingli Huang",
    title = "{Android Malware Detection Using Fine Grained Features}",
    journal = "Scientific Programming",
    volume = "2020",
    number = "5190138",
    pages = "13",
    year = "2020",
    DOI = "https://doi.org/10.1155/2020/5190138"
}

%url = "https://www.researchgate.net/publication/296704790_Permission_Analysis_for_Android_Malware_Detection"
@article{giang,
    author = "Pham Giang and Nguyen Duc and Pham Vi",
    title = "{Permission Analysis for Android Malware Detection}",
    journal = "The proceeding of the 7th Vast",
    pages = "207--216",
    year = "2015"
}

% url = "https://www.researchgate.net/publication/323927443_MalDozer_Automatic_framework_for_android_malware_detection_using_deep_learning"
@article{maldozer,
    author = "ElMouatez Billah Karbab and Mourad Debbabi and Abdelouahid Derhab and Djedjiga Mouheb",
    title = "{MalDozer: Automatic framework for android malware detection using deep learning}",
    journal = "Digital Investigation",
    volume = "24",
    number = "5190138",
    pages = "S48-S59",
    year = "2018",
    DOI = "https://doi.org/10.1016/j.diin.2018.01.007"
}

@article{grace,
    author = "Michael Grace and Yajin Zhou and Qiang Zhang and Shihong Zou and Xuxian Jiang",
    title = "{RiskRanker: Scalable and Accurate Zero-day Android Malware Detection}",
    journal = "Proceedings of the 10th International Conference on Mobile Systems, Applications and Services",
    volume = "12",
    pages = "281--294",
    year = "2012",
    DOI = "https://doi.org/10.1145/2307636.2307663"
}

@article{attandck,
    author = "Michael Peck and Att\&ck",
    title = "{Mitigating abuse of Android application permissions and special app accesses}",
    year = "2021",
    url = "https://medium.com/mitre-attack/mobile-attack-mitigating-android-abuse-50516fb7de85"
}

%url = "https://www.researchgate.net/publication/322011457_Android_permission_system_and_user_privacy_-_A_review_of_concept_and_approaches",
@article{khantoon,
	author = " Asma Khantoon",
	title = "{Android permission system and user privacy:  a review of concept and approaches}",
	pages = "6",
	year = "2017",
	journal = "2017 IEEE 7th International Conference on Consumer Electronics"
}

%	url = "https://seit.egr.msu.edu/paper/TII18_SigPID.pdf",
@article{sigpid,
	author = "Jin Li and Lichao Sun and Qiben Yan and Zhiqiang Li and Witawas Srisa-an and Heng Ye",
	title = "{Significant Permission Identification for Machine Learning based Android malware detection}",
	year = "2018",
	journal = " IEEE Transactions on Industrial Informatics",
	volume = "14",
	pages = "3216--3225",
	DOI = "10.1109/TII.2017.2789219"
}

% url = "https://www.researchgate.net/publication/288267309_Permission-Based_Android_Malware_Detection"
@article{aung,
	author = "Zarni Aung and Win Zaw",
	title = "Permission-Based Android malware detection",
	journal = "International Journal of Scientific and Technology research",
	volume = "2",
	year = "2019",
	pages = "228-234"
}

%https://www.researchgate.net/publication/342614130_A_Review_of_Android_Malware_Detection_Approaches_Based_on_Machine_Learning
@article{liu,
	author = "Kaijun Liu and Shengwe Xu and Guoai Xu and Miao Zhang and Dawei Sun and Haifeng Liu",
	title = "A review of Android malware detection approaches based on Machine Learning",
	journal = "IEEE Access",
	year = "2020",
	pages = "30",
	DOI = "10.1109/ACCESS.2020.3006143"
}

%https://www.researchgate.net/publication/339218483_Android_Malware_Detection_through_Machine_Learning_Techniques_A_Review
@article{oluwakemi,
	author = "Oluwakemi Christiana Abikoye and Benjamin Aruwa Gyunka and Oluwatobi Noah Akande",
	title = "Android malware detection through Machine Learning techniques: a review",
	year = "2020",
	journal = "International Journal of Online and Biomedical Engineering (iJOE)",
	pages = "14",
	volume = "16",
	DOI = "10.3991/ijoe.v16i02.11549"
}

%url = "https://www.researchgate.net/publication/282773817_Accurate_mobile_malware_detection_and_classification_in_the_cloud"
@article{cloud,
	author = "Xiaolei Wang and Yuexiang Yang and Yingzhi Zeng",
	title = "Accurate mobile malware detection and classification in the cloud",
	year = "2015",
	pages = "23",
	journal = "SpringerPlus",
	volumen = "4",
	DOI = "10.1186/s40064-015-1356-1"
}

%url = "https://www.researchgate.net/publication/332076086_Android_Security_and_Its_Rooting-A_Possible_Improvement_of_Its_Security_Architecture",
@article{rahimi,
	author = {Nick Rahimi and John Nolen and Bidyut Gupta},
	title = "Android Security and Its Rooting - A Possible Improvement of Its Security Architecture",
	year = "2019",
	pages = "91--102",
	volume = "10",
	journal = {Journal of Information Security},
doi = {10.4236/jis.2019.102005}
}

%url = "https://fjs.fudutsinma.edu.ng/index.php/fjs/article/download/27/17"
@article{antimalware,
	author = "Aminu Shawwal Adam and Zahraddeen Sufyanu and Tajuddeen Sani and Abdullahi Idris",
	title = "Evaluating the effectiveness of antivirus evasion",
	year = "2020",
	journal = "FUDMA Journal of Sciences",
	volume = "4"
}

%url = "https://www.researchgate.net/publication/343043310_Signature_Based_Malicious_Behavior_Detection_in_Android"
@article{firma,
	author = "Vikas Sihag and Ashawani Swami and Manu Vardhan and Pradeep Singh",
	title = "Signature-based malicious behavior detection in Android",
	year = "2020",
	pages = "251--262",
	doi = "10.1007/978-981-15-6648-6_20"
}

% url = "https://www.sciencedirect.com/science/article/pii/S1877050920315386"
@article{kumar,
	author = "Adarsh Kumar Singh and Gandharv Wadhwa and Mayank Ahuja and KeshavSoni and Kapil Sharma",
	year = "2020",
	title = "Android Malware Detection using LSI-based Reduced Opcode Feature Vector",
	pages = "291--298",
	journal = "Smart Sustainable Intelligent Computing and Applications",
	doi = "doi.org/10.1016/j.procs.2020.06.034"
}

@article{nadar,
  author = {Anand Upadhyay and Shivkumar Nadar and Roheet Jadhav},
  title = {Comparative study of SVM \& KNN for signature verification},
  journal = {Journal of Statistics and Management Systems},
  volume = {23},
  number = {2},
  pages = {191-198},
  year  = {2020},
  doi = {10.1080/09720510.2020.1724619},
}

% url = "https://www.ijrte.org/wp-content/uploads/papers/v10i1/A58040510121.pdf"
@article{garg,
	author = "Gourav Garg and Ashutosh Sharma and Anshul Arora",
	title = "SFDroid: Android Malware Detection using Ranked Static Features",
	year = "2021",
	journal = "International Journal of Recent Technology and Engineering",
	volume = "10",
	pages = "11",
	doi = "10.35940/ijrte.A5804.0510121"
}

%url = "https://scholarspace.manoa.hawaii.edu/handle/10125/71460"
@article{todd,
	author = "J. Todd McDonald and Nathan Herron and William Bradley Glisson and Ryan K. Benton",
	title = "Machine Learning-Based Android Malware Detection Using Manifest Permissions",
	journal = "54th Hawaii International Conference on System Sciences",
	pages = "11",
	year = "2021",
	doi = "10.24251/HICSS.2021.839"
}

@book{oreilly,
    author    = "Aurélien Géron",
    title     = "Hands-On Machine Learning with Scikit-Learn, Keras, and TensorFlow",
    year      = "2019",
    publisher = "O'Reilly Media, Inc.",
}

@inbook{bassole,
	author = "Didier Bassolé and Yaya Traoré and Gouayon Koala and Franklin Tchakounte and Oumarou Sie",
	year = "2021",
	pages = "810--822",
	title = "{Detection of vulnerabilities related to permissions requests for Android apps using machine learning techniques}",
	url = "https://www.researchgate.net/publication/350906723_Detection_of_Vulnerabilities_Related_to_Permissions_Requests_for_Android_Apps_Using_Machine_Learning_Techniques"
}

@inproceedings{anomalias,
	author = {Sakil Barbhuiya and Peter Kilpatrick and Dimitrios Nikolopoulos},
	title = {DroidLight: Lightweight Anomaly-Based Intrusion Detection System for Smartphone Devices},
	year = {2020},
	doi = {10.1145/3369740.3369796},
	booktitle = {Proceedings of the 21st International Conference on Distributed Computing and Networking},
	pages = "10"
}

@inproceedings{espec,
	author={Zhongyuan Qin and Yuqing Xu and Yuxing Di and Qunfang Zhang and Jie Huang},
	booktitle={International Conference on Cyberspace Technology (CCT 2014)},
	title={Android malware detection based on permission and behavior analysis},
	year={2014},
	doi="10.1049/cp.2014.1352"
}

@misc{androidos,
    author    = "Wikipedia",
    title     = "Android (operating system)",
    url       = "https://en.wikipedia.org/wiki/Android_(operating_system)"
}

@misc{mobilesec,
    author    = "Wikipedia",
    title     = "Mobile security",
    url       = "https://en.wikipedia.org/wiki/Mobile_security"
}

@misc{sharma,
    author    = "Anchit Sharma",
    year = "2020",
    title     = "Android 11 — 5 New Security and Privacy Features You Need to Know",
    url       = "https://thehackernews.com/2020/09/android-11-security-privacy.html?&web_view=true"
}

@misc{georgescu,
    author    = "Elena Georgescu",
    title     = "Android permissions can be dangerous",
    year = "2020",
    url       = "https://heimdalsecurity.com/blog/android-permissions-full-guide/"
}

@misc{malwaredetection,
    author    = "Wlkipedia",
    title     = "Malware",
    url       = "https://en.wikipedia.org/wiki/Malware"
}

@misc{virustotal,
	url = "https://www.virustotal.com/gui/",
	author = "VirusTotal"
}

@misc{virusshare,
	url = "https://virusshare.com/",
	author = "VirusShare"
}

@misc{amd,
	url = "http://amd.arguslab.org/",
	author = "AMDProject"
}

@misc{playstore,
	url = "https://play.google.com/store/",
	author = "GooglePlay"
}

@misc{riskyperm,
	title = "List of dangerous permissions",
	url = "https://developer.android.com/reference/android/Manifest.permission",
	author = "AndroidDevelopers"
}

@misc{seclayers,
	title = "The layers of the Android Security Model",
	url = "https://proandroiddev.com/the-layers-of-the-android-security-model-90f471015ae6",
	author = "Denis Crăciunescu",
	year = "2020"
}

@misc{history,
	author = "Wikipedia",
	url = "https://en.wikipedia.org/wiki/Android_version_history",
	title = "Android version history"
}

@misc{analysis,
	author = "Wikipedia",
	title = "Malware analysis",
	url = "https://en.wikipedia.org/wiki/Malware_analysis"
}

@misc{risks,
	author = "Darren Allan",
	title = "What is malware and how dangerous is it?",
	year = "2020",
	url = "https://www.techradar.com/news/what-is-malware-and-how-dangerous-is-it"
}

@misc{mcafee,
	author = "McAfee",
	title = "Economics of cybercrime",
	year = "2020",
	url = "https://www.mcafee.com/enterprise/en-us/solutions/lp/economics-cybercrime.html"
}

@misc{fb,
	author = "Yúbal Fernández",
	year = "2021",
	title = "Cómo saber si tus datos están entre las 533 millones de cuentas filtradas de Facebook",
	url = "https://www.xataka.com/basics/como-saber-tus-datos-estan-533-millones-cuentas-filtradas-facebook"
}

@misc{stack,
	author = "Soufiane Tahiri",
	year = "2016",
	title = "Mastering Mobile Forensics",
	url = "https://subscription.packtpub.com/book/networking_and_servers/9781785287817/4/ch04lvl1sec27/android-security-model"
}

@misc{detection,
	author = "Wlkipedia",
	url = "https://en.wikipedia.org/wiki/Intrusion_detection_system#Detection_methods",
	title = "Intrusion detection system: detection methods"
}

@misc{iartificial,
	title = "Máquinas de Vectores de Soporte (SVM)",
	author = "Jose Martínez",
	url = "https://www.iartificial.net/maquinas-de-vectores-de-soporte-svm/",
	year = "2019"
}

@misc{svmwiki,
	title = "Máquinas de vectores de soporte",
	author = "Wikipedia",
	url = "https://es.wikipedia.org/wiki/M%C3%A1quinas_de_vectores_de_soporte",
	year = "2021"
}

@misc{unsup,
	title = "Unsupervised learning",
	author = "Wlkipedia",
	url = "https://en.wikipedia.org/wiki/Unsupervised_learning",
	year = "2021"
}

@misc{tree,
	author = "Wikipedia",
	title = "Decision tree learning",
	url = "https://en.wikipedia.org/wiki/Decision_tree_learning",
	year = "2021"
}

@phdthesis{martin,
	title = "Machine learning techniques for Android malware detection and classification",
	author = "Alejandro Martín García",
	pages = "170",
	url = "https://repositorio.uam.es/bitstream/handle/10486/687576/martin_garcia_alejandro.pdf?sequence=1&isAllowed=y",
	year = "2019",
	institution = "Universidad Autónoma de Madrid"
}

@techreport{costas,
    author    = "Manuel Costas Pardo",
    title     = "Desarrollo de malware para dispositivos móviles con S.O. Android",
    institution = "Universidad de Vigo",
    pages = "30",
    year = "2020",
    url = "http://castor.det.uvigo.es:8080/xmlui/bitstream/handle/123456789/439/CostasPardoManuel.pdf?sequence=1"
}

@techreport{porter,
	author = " Adrienne Porter Felt and Elizabeth Ha and Serge Egelman and Ariel Haney and Erika Chin and David Wagner",
	title = "Android permissions: user attention, comprehension and behavior",
	url = "https://cups.cs.cmu.edu/soups/2012/proceedings/a3_Felt.pdf",
	pages = 14,
	year = "2012",
	institution = "University of California, Berkeley"
}

@techreport{avtest,
	author = "AV-TEST",
	title = {AV-TEST Security Report 2019-2020},
	url = "https://www.av-test.org/fileadmin/pdf/security_report/AV-TEST_Security_Report_2019-2020.pdf",
	pages = "24",
	year = "2019-2020",
	institution = "AV-TEST Institute"
}

@techreport{kaspersky,
	author = "Kaspersky",
	title = "Kaspersky security bulletin 2020",
	url = "https://go.kaspersky.com/rs/802-IJN-240/images/KSB_statistics_2020_en.pdf",
	pages = "26",
	year = "2020"
}

\end{thebibliography}
